@article{
WAmbler,
	Author = {Scott W. Amber},
	Title = {Agile Architecture: Strategies for Scaling Agile Development} }
@article{Cross18,
	author = "Alia Crocker and Rob Cross and and Heidi K. Gardner",
	title = "How to Make Sure Agile Teams Can Work Together",
	publisher = "Harvard Business Review",
	url = "https://hbr.org/2018/05/how-to-make-sure-agile-teams-can-work-together",
	month = "May",
	year = "2018",
}
@article{GSA,
	title = "Collaboration Across Agile Teams",
	publisher = "GSA",
	url = "https://tech.gsa.gov/guides/Collaboration_Across_Agile_Teams/"
}
@article{SAFe18,
	title = "Agile Teams",
	publisher = "SAFe",
	url = "https://www.scaledagileframework.com/agile-teams/",
	month = "October",
	year = "2018"
}

@article{Agile,
	author = "Kent Beck and Mike Beedle and Arie van Bennekum and Alistair Cockburn and Ward Cunningham and Martin Fowler and James Grenning and Jim Highsmith and Andrew Hunt and Ron and Jeffries and Jon Kern and Brian Marick and Robert C. Martin and Steve Mellor and Ken Schwaber and Jeff Sutherland and Dave Thomas",
	title = "Manifesto for Agile Software Development",
	url = "http://agilemanifesto.org/"
}

